<?xml version="1.0" encoding="UTF-8"?><record xmlns="http://www.loc.gov/MARC21/slim" xmlns:cinclude="http://apache.org/cocoon/include/1.0" xmlns:zs="http://www.loc.gov/zing/srw/">
  <leader>00420nz  a2200133n  4500</leader>
  <controlfield tag="001">no 97035536 </controlfield>
  <controlfield tag="003">DLC</controlfield>
  <controlfield tag="005">19970612052538.9</controlfield>
  <controlfield tag="008">970611n| acannaab|          |n ana     c</controlfield>
  <datafield tag="010" ind1=" " ind2=" ">
    <subfield code="a">no 97035536 </subfield>
  </datafield>
  <datafield tag="035" ind1=" " ind2=" ">
    <subfield code="a">(OCoLC)oca04361816 </subfield>
  </datafield>
  <datafield tag="040" ind1=" " ind2=" ">
    <subfield code="a">OCl</subfield>
    <subfield code="c">OCl</subfield>
  </datafield>
  <datafield tag="110" ind1="2" ind2="0">
    <subfield code="a">Cenacolo italiano di Cleveland</subfield>
  </datafield>
  <datafield tag="670" ind1=" " ind2=" ">
    <subfield code="a">La voce del Cenacolo, Cleveland, Ohio, 1962-1963, 1962- :</subfield>
    <subfield code="b">v. 1, 1st prelim. leaf (Il Cenacolo italiano di Cleveland)</subfield>
  </datafield>
</record>